@book{ta1,
author = {Knuth},
title = {The Art of Computer Programming - Band 1},
year = {1973}
}
@book{ta2,
author = {Knuth},
title = {The Art of Computer Programming - Band 2},
year = {1974}
}

