\usepackage[utf8]{inputenc}
bibencoding=ascii

@online{checkmk,
author = {Mathias Kettner},
title = {CheckMK},
year = {2015},
url = {http://mathias-kettner.de},
OPTsubtitle = {•},
OPTtitleaddon = {•},
language = {Deutsch},
OPTversion = {•},
OPTnote = {•},
OPTorganization = {•},
OPTdate = {•},
OPTmonth = {•},
OPTaddendum = {•},
OPTpubstate = {•},
urldate = {14.12.2015},
}

@thesis{NagiosForAndroid,
author = {Christoph Wiesner},
title = {Nagios für Android},
type = {Masterarbeit},
institution = {Institut für Netzwerke und Sicherheit (INS)},
year = {2015},
subtitle = {Monitoring von Android-Geräten mittels Nagios},
OPTtitleaddon = {•},
OPTlanguage = {•},
OPTnote = {•},
location = {Universität Linz},
month = {Februar},
OPTisbn = {•},
OPTchapter = {•},
OPTpages = {•},
OPTpagetotal = {•},
OPTaddendum = {•},
OPTpubstate = {•},
OPTdoi = {•},
OPTeprint = {•},
OPTeprintclass = {•},
OPTeprinttype = {•},
url = {http://epub.jku.at/obvulihs/download/pdf/376272?originalFilename=true},
urldate = {05.01.2016},
}

@thesis{Borkmann2009,
author = {Daniel Borkmann},
title = {Anomalieerkennung und Vorhersage kritischer System-Zustände anhand von Nagios-Daten},
type = {Bachelorarbeit},
institution = {Hochschule für Technik, Wirtschaft und Kultur, Leipzig},
year = {2009},
OPTsubtitle = {•},
OPTtitleaddon = {•},
OPTlanguage = {•},
OPTnote = {•},
OPTlocation = {Leipzig},
OPTmonth = {•},
OPTisbn = {•},
OPTchapter = {•},
OPTpages = {•},
OPTpagetotal = {•},
OPTaddendum = {•},
OPTpubstate = {•},
OPTdoi = {•},
OPTeprint = {•},
OPTeprintclass = {•},
OPTeprinttype = {•},
url = {http://hdl.handle.net/11858/00-001M-0000-0011-2B88-0},
urldate = {05.01.2016},
}

@article{elk2015,
author = {Christian Rohmann, Heike Jurzik},
title = {Elasticsearch, Logstash \& Kibana - Fürs Protokoll: Ein Elch},
journaltitle = {Linux Magazin},
year = {2016},
OPTtranslator = {•},
OPTannotator = {•},
OPTcommentator = {•},
OPTsubtitle = {•},
OPTtitleaddon = {•},
OPTeditor = {•},
OPTeditora = {•},
OPTeditorb = {•},
OPTeditorc = {•},
OPTjournalsubtitle = {•},
OPTissuetitle = {•},
OPTissuesubtitle = {•},
OPTlanguage = {•},
OPToriglanguage = {•},
OPTseries = {•},
OPTvolume = {•},
OPTnumber = {•},
OPTeid = {•},
issue = {02},
OPTmonth = {•},
pages = {58},
OPTversion = {•},
OPTnote = {•},
issn = {1432 640 X},
OPTaddendum = {•},
OPTpubstate = {•},
OPTdoi = {•},
OPTeprint = {•},
OPTeprintclass = {•},
OPTeprinttype = {•},
OPTurl = {•},
OPTurldate = {•},
}

@article{systemd2015,
author = {Jens-Christoph Brendel},
title = {Systemd und die Prozesse - Vom Start weg},
journaltitle = {Linux Magazin},
year = {2016},
OPTtranslator = {•},
OPTannotator = {•},
OPTcommentator = {•},
OPTsubtitle = {•},
OPTtitleaddon = {•},
OPTeditor = {•},
OPTeditora = {•},
OPTeditorb = {•},
OPTeditorc = {•},
OPTjournalsubtitle = {•},
OPTissuetitle = {•},
OPTissuesubtitle = {•},
OPTlanguage = {•},
OPToriglanguage = {•},
OPTseries = {•},
OPTvolume = {•},
OPTnumber = {•},
OPTeid = {•},
issue = {02},
OPTmonth = {•},
pages = {22},
OPTversion = {•},
OPTnote = {•},
issn = {1432 - 640 X},
OPTaddendum = {•},
OPTpubstate = {•},
OPTdoi = {•},
OPTeprint = {•},
OPTeprintclass = {•},
OPTeprinttype = {•},
OPTurl = {•},
OPTurldate = {•},
}

@article{systemdJournal2015,
author = {Jens-Christoph Brendel},
title = {Fortschrittliches Logging mit dem Systemd-Journal - Nadel im Heuhaufen},
journaltitle = {Linux Magazin},
year = {2016},
OPTtranslator = {•},
OPTannotator = {•},
OPTcommentator = {•},
OPTsubtitle = {•},
OPTtitleaddon = {•},
OPTeditor = {•},
OPTeditora = {•},
OPTeditorb = {•},
OPTeditorc = {•},
OPTjournalsubtitle = {•},
OPTissuetitle = {•},
OPTissuesubtitle = {•},
OPTlanguage = {•},
OPToriglanguage = {•},
OPTseries = {•},
OPTvolume = {•},
OPTnumber = {•},
OPTeid = {•},
issue = {02},
OPTmonth = {•},
pages = {26},
OPTversion = {•},
OPTnote = {•},
issn = {1432 - 640 X},
OPTaddendum = {•},
OPTpubstate = {•},
OPTdoi = {•},
OPTeprint = {•},
OPTeprintclass = {•},
OPTeprinttype = {•},
OPTurl = {•},
OPTurldate = {•},
}



